@Article{ben-israel2020,
author = {Ben-Israel, David and Jacobs, W. Bradley and Casha, Steve and Lang, Stefan and Ryu, Won Hyung A. and de Lotbiniere-Bassett, Madeleine and Cadotte, David W.}, 
editor = {}, 
title = {{The impact of machine learning on patient care: A systematic review}}, 
journal = {Artificial Intelligence in Medicine}, 
volume = {103}, 
number = {}, 
pages = {101785}, 
year = {2020} 
}


@Proceedings{john2021,
author = {John, Meenu Mary and Olsson, Helena Holmström and Bosch, Jan}, 
editor = {}, 
title = {{Towards MLOps: A Framework and Maturity Model}}, 
booktitle = {Towards MLOps: A Framework and Maturity Model}, 
volume = {2021 47th Euromicro Conference on Software Engineering and Advanced Applications (SEAA)}, 
publisher = {IEEE}, 
address = {}, 
pages = {1-8}, 
year = {2021}
}

@Article{King2022.03.07.22271999,
author = {King, Zella and Farrington, Joseph and Utley, Martin and Kung, Enoch and Elkhodair, Samer and Harris, Steve and Sekula, Richard and Li, Kezhi and Crowe, Sonya}, 
editor = {}, 
title = {{Machine Learning for Real-Time Aggregated Prediction of Hospital Admission for Emergency Patients}}, 
journal = {medRxiv}, 
volume = {}, 
number = {}, 
pages = {}, 
year = {2022} 
}

@Proceedings{breck2019,
author = {Breck, Eric and Polyzotis, Neoklis and Roy, Sudip and Whang, Steven and Zinkevich, Martin}, 
editor = {}, 
title = {{Data Validation for Machine Learning.}}, 
booktitle = {Data Validation for Machine Learning.}, 
volume = {}, 
publisher = {}, 
address = {}, 
pages = {}, 
year = {2019}
}

@Article{falco2021,
author = {Falco, Gregory and Shneiderman, Ben and Badger, Julia and Carrier, Ryan and Dahbura, Anton and Danks, David and Eling, Martin and Goodloe, Alwyn and Gupta, Jerry and Hart, Christopher}, 
editor = {}, 
title = {{Governing AI safety through independent audits}}, 
journal = {Nature Machine Intelligence}, 
volume = {3}, 
number = {7}, 
pages = {566–571}, 
year = {2021} 
}

@Article{zippel2021,
author = {Zippel, C and Bohnet-Joschko, S}, 
editor = {}, 
title = {{Rise of Clinical Studies in the Field of Machine Learning: A Review of Data Registered in ClinicalTrials.gov.}}, 
journal = {Int J Environ Res Public Health}, 
volume = {18}, 
number = {10}, 
pages = {5072}, 
year = {2021} 
}

@misc{wilson2022a,
title = {{Point of Care RandOmisation Systems for Performing Embedded Comparative Effectiveness Trials Of Routine Treatments (PROSPECTOR)}}, 
author = {Wilson, Matthew G. and Harris, Steve}, 
note = {Accessed: 29 April 2022}, 
howpublished = {\url{https://clinicaltrials.gov/ct2/show/NCT05149820?term=prospector+wilson&draw=2&rank=1}}, 
year = {2022} 
}

@Article{wilson2022,
author = {Wilson, Matthew G. and Asselbergs, Folkert W. and Harris, Steve K.}, 
editor = {}, 
title = {{Learning from individualised variation for evidence generation within a learning health system}}, 
journal = {British Journal of Anaesthesia}, 
volume = {}, 
number = {}, 
pages = {}, 
year = {2022} 
}

@Article{chen2022,
author = {Chen, Y and Harris, S and Rogers, Y and Ahmad, T and Asselbergs, FW}, 
editor = {}, 
title = {{Nudging within learning health systems: next generation decision support to improve cardiovascular care.}}, 
journal = {Eur Heart J}, 
volume = {43}, 
number = {13}, 
pages = {1296–1306}, 
year = {2022} 
}

@Article{main2010,
author = {Main, C and Moxham, T and Wyatt, JC and Kay, J and Anderson, R and Stein, K}, 
editor = {}, 
title = {{Computerised decision support systems in order communication for diagnostic, screening or monitoring test ordering: systematic reviews of the effects and cost-effectiveness of systems.}}, 
journal = {Health Technol Assess}, 
volume = {14}, 
number = {48}, 
pages = {1–227}, 
year = {2010} 
}


@Article{davis2019,
author = {Davis, SE and Greevy, RA and Fonnesbeck, C and Lasko, TA and Walsh, CG and Matheny, ME}, 
editor = {}, 
title = {{A nonparametric updating method to correct clinical prediction model drift.}}, 
journal = {J Am Med Inform Assoc}, 
volume = {26}, 
number = {12}, 
pages = {1448–1457}, 
year = {2019} 
}



@Article{jeter2019,
author = {Jeter, Russell and Josef, Christopher and Shashikumar, Supreeth and Nemati, Shamim}, 
editor = {}, 
title = {{Does the “Artificial Intelligence Clinician” learn optimal treatment strategies for sepsis in intensive care}}, 
journal = {arXiv}, 
volume = {}, 
number = {}, 
pages = {}, 
year = {2019} 
}


@Article{london2018,
author = {London, AJ}, 
editor = {}, 
title = {{Learning health systems, clinical equipoise and the ethics of response adaptive randomisation.}}, 
journal = {J Med Ethics}, 
volume = {44}, 
number = {6}, 
pages = {409–415}, 
year = {2018} 
}


@Article{sculley2015,
author = {Sculley, David and Holt, Gary and Golovin, Daniel and Davydov, Eugene and Phillips, Todd and Ebner, Dietmar and Chaudhary, Vinay and Young, Michael and Crespo, Jean-Francois and Dennison, Dan}, 
editor = {}, 
title = {{Hidden technical debt in machine learning systems}}, 
journal = {Advances in neural information processing systems}, 
volume = {28}, 
number = {}, 
pages = {2503–2511}, 
year = {2015} 
}


@Article{morse2020a,
author = {Morse, KE and Bagley, SC and Shah, NH}, 
editor = {}, 
title = {{Estimate the hidden deployment cost of predictive models to improve patient care.}}, 
journal = {Nat Med}, 
volume = {26}, 
number = {1}, 
pages = {18–19}, 
year = {2020} 
}


@Article{sendak2020,
author = {Sendak, MP and Ratliff, W and Sarro, D and Alderton, E and Futoma, J and Gao, M and Nichols, M and Revoir, M and Yashar, F and Miller, C and Kester, K and Sandhu, S and Corey, K and Brajer, N and Tan, C and Lin, A and Brown, T and Engelbosch, S and Anstrom, K and Elish, MC and Heller, K and Donohoe, R and Theiling, J and Poon, E and Balu, S and Bedoya, A and O’Brien, C}, 
editor = {}, 
title = {{Real-World Integration of a Sepsis Deep Learning Technology Into Routine Clinical Care: Implementation Study.}}, 
journal = {JMIR Med Inform}, 
volume = {8}, 
number = {7}, 
pages = {e15182}, 
year = {2020} 
}


@Article{tomasev2019,
author = {Tomašev, N and Glorot, X and Rae, JW and Zielinski, M and Askham, H and Saraiva, A and Mottram, A and Meyer, C and Ravuri, S and Protsyuk, I and Connell, A and Hughes, CO and Karthikesalingam, A and Cornebise, J and Montgomery, H and Rees, G and Laing, C and Baker, CR and Peterson, K and Reeves, R and Hassabis, D and King, D and Suleyman, M and Back, T and Nielson, C and Ledsam, JR and Mohamed, S}, 
editor = {}, 
title = {{A clinically applicable approach to continuous prediction of future acute kidney injury.}}, 
journal = {Nature}, 
volume = {572}, 
number = {7767}, 
pages = {116–119}, 
year = {2019} 
}


@Article{hyland2020,
author = {Hyland, Stephanie L. and Faltys, Martin and Hüser, Matthias and Lyu, Xinrui and Gumbsch, Thomas and Esteban, Cristóbal and Bock, Christian and Horn, Max and Moor, Michael and Rieck, Bastian and Zimmermann, Marc and Bodenham, Dean and Borgwardt, Karsten and Rätsch, Gunnar and Merz, Tobias M.}, 
editor = {}, 
title = {{Early prediction of circulatory failure in the intensive care unit using machine learning}}, 
journal = {Nature Medicine}, 
volume = {26}, 
number = {3}, 
pages = {364–373}, 
year = {2020} 
}


@Article{the2021,
author = {Group, DECIDE-AI Steering}, 
editor = {}, 
title = {{DECIDE-AI: new reporting guidelines to bridge the development-to-implementation gap in clinical artificial intelligence}}, 
journal = {Nature Medicine}, 
volume = {27}, 
number = {2}, 
pages = {186–187}, 
year = {2021} 
}


@Article{woolf2008,
author = {Woolf, SH}, 
editor = {}, 
title = {{The meaning of translational research and why it matters.}}, 
journal = {JAMA}, 
volume = {299}, 
number = {2}, 
pages = {211–213}, 
year = {2008} 
}


@Article{mandl2020,
author = {Mandl, KD and Gottlieb, D and Mandel, JC and Ignatov, V and Sayeed, R and Grieve, G and Jones, J and Ellis, A and Culbertson, A}, 
editor = {}, 
title = {{Push Button Population Health: The SMART/HL7 FHIR Bulk Data Access Application Programming Interface.}}, 
journal = {NPJ Digit Med}, 
volume = {3}, 
number = {1}, 
pages = {151}, 
year = {2020} 
}


@Article{,
author = {Ghassemi, M and Oakden-Rayner, L and Beam, AL}, 
editor = {}, 
title = {{The false hope of current approaches to explainable artificial intelligence in health care}}, 
journal = {Lancet Digit Health}, 
volume = {3}, 
number = {11}, 
pages = {e745–e750}, 
year = {2021} 
}


@website{2020,
title = {{Trusted Research Environments (TRE): A strategy to build public trust and meet changing health data science needs}}, 
author = {}, 
note = {Accessed: 2021-11-19}, 
howpublished = {\url{}}, 
year = {2020} 
}


@Proceedings{liley2021,
author = {Liley, James and Emerson, Samuel and Mateen, Bilal and Vallejos, Catalina and Aslett, Louis and Vollmer, Sebastian}, 
editor = {}, 
title = {{Model updating after interventions paradoxically introduces bias}}, 
booktitle = {Model updating after interventions paradoxically introduces bias}, 
volume = {International Conference on Artificial Intelligence and Statistics}, 
publisher = {PMLR}, 
address = {}, 
pages = {3916-3924}, 
year = {2021}
}

@Article{braithwaite2020,
author = {Braithwaite, Jeffrey and Glasziou, Paul and Westbrook, Johanna}, 
editor = {}, 
title = {{The three numbers you need to know about healthcare: the 60-30-10 challenge}}, 
journal = {BMC medicine}, 
volume = {18}, 
number = {}, 
pages = {1–8}, 
year = {2020} 
}


@Article{bunz2021,
author = {Bunz, Mercedes and Braghieri, Marco}, 
editor = {}, 
title = {{The AI doctor will see you now: assessing the framing of AI in news coverage}}, 
journal = {AI \& SOCIETY}, 
volume = {}, 
number = {}, 
pages = {}, 
year = {2021} 
}


@misc{nhsx2022,
title = {{The National Strategy for AI in Health and Social Care}}, 
author = {}, 
note = {Accessed: 2022-01-31}, 
howpublished = {\url{https://www.nhsx.nhs.uk/ai-lab/ai-lab-programmes/the-national-strategy-for-ai-in-health-and-social-care/}}, 
year = {2022} 
}


@Proceedings{steinert2010,
author = {Steinert, Martin and Leifer, Larry}, 
editor = {}, 
title = {{Scrutinizing Gartner’s hype cycle approach}}, 
booktitle = {Scrutinizing Gartner’s hype cycle approach}, 
volume = {}, 
publisher = {}, 
address = {}, 
pages = {1-13}, 
year = {2010}
}

@Article{renggli2021,
author = {Renggli, Cedric and Rimanic, Luka and Gürel, Nezihe Merve and Karlaš, Bojan and Wu, Wentao and Zhang, Ce}, 
editor = {}, 
title = {{A Data Quality-Driven View of MLOps}}, 
journal = {arXiv}, 
volume = {}, 
number = {}, 
pages = {2102.07750v1}, 
year = {2021} 
}


@misc{hermann2017,
title = {{Meet Michelangelo: Uber’s Machine Learning Platform}}, 
author = {Hermann, Jeremy and Del Balso, Mike}, 
note = {Accessed: 2022-01-31}, 
howpublished = {\url{https://eng.uber.com/michelangelo-machine-learning-platform/}}, 
year = {2017} 
}


@Proceedings{sambasivan2021,
author = {Sambasivan, Nithya and Kapania, Shivani and Highfill, Hannah and Akrong, Diana and Paritosh, Praveen and Aroyo, Lora M}, 
editor = {}, 
title = {{“Everyone wants to do the model work, not the data work”: Data Cascades in High-Stakes AI}}, 
booktitle = {“Everyone wants to do the model work, not the data work”: Data Cascades in High-Stakes AI}, 
volume = {}, 
publisher = {ACM}, 
address = {New York, NY, USA}, 
pages = {}, 
year = {2021}
}

@Article{wang2021a,
author = {Wang, Weisha and Chen, Long and Xiong, Mengran and Wang, Yichuan}, 
editor = {}, 
title = {{Accelerating AI Adoption with Responsible AI Signals and Employee Engagement Mechanisms in Health Care}}, 
journal = {Information Systems Frontiers}, 
volume = {}, 
number = {}, 
pages = {1–18}, 
year = {2021} 
}


@Article{infant2017,
author = {INFANT, Collaborative Group}, 
editor = {}, 
title = {{Computerised interpretation of fetal heart rate during labour (INFANT): a randomised controlled trial.}}, 
journal = {Lancet}, 
volume = {389}, 
number = {10080}, 
pages = {1719–1729}, 
year = {2017} 
}


@Article{titano2018,
author = {Titano, JJ and Badgeley, M and Schefflein, J and Pain, M and Su, A and Cai, M and Swinburne, N and Zech, J and Kim, J and Bederson, J and Mocco, J and Drayer, B and Lehar, J and Cho, S and Costa, A and Oermann, EK}, 
editor = {}, 
title = {{Automated deep-neural-network surveillance of cranial images for acute neurologic events.}}, 
journal = {Nat Med}, 
volume = {24}, 
number = {9}, 
pages = {1337–1341}, 
year = {2018} 
}


@Article{wang2019,
author = {Wang, P and Berzin, TM and Glissen Brown, JR and Bharadwaj, S and Becq, A and Xiao, X and Liu, P and Li, L and Song, Y and Zhang, D and Li, Y and Xu, G and Tu, M and Liu, X}, 
editor = {}, 
title = {{Real-time automatic detection system increases colonoscopic polyp and adenoma detection rates: a prospective randomised controlled study.}}, 
journal = {Gut}, 
volume = {68}, 
number = {10}, 
pages = {1813–1819}, 
year = {2019} 
}

@Proceedings{pizka2004,
author = {Pizka, Markus}, 
editor = {}, 
title = {{Straightening spaghetti-code with refactoring}}, 
booktitle = {Straightening spaghetti-code with refactoring}, 
volume = {Software Engineering Research and Practice}, 
publisher = {}, 
address = {}, 
pages = {846-852}, 
year = {2004}
}

@Article{wu2019,
author = {Wu, L and Zhang, J and Zhou, W and An, P and Shen, L and Liu, J and Jiang, X and Huang, X and Mu, G and Wan, X and Lv, X and Gao, J and Cui, N and Hu, S and Chen, Y and Hu, X and Li, J and Chen, D and Gong, D and He, X and Ding, Q and Zhu, X and Li, S and Wei, X and Li, X and Wang, X and Zhou, J and Zhang, M and Yu, HG}, 
editor = {}, 
title = {{Randomised controlled trial of WISENSE, a real-time quality improving system for monitoring blind spots during esophagogastroduodenoscopy.}}, 
journal = {Gut}, 
volume = {68}, 
number = {12}, 
pages = {2161–2169}, 
year = {2019} 
}


@Article{lin2019a,
author = {Lin, H and Li, R and Liu, Z and Chen, J and Yang, Y and Chen, H and Lin, Z and Lai, W and Long, E and Wu, X and Lin, D and Zhu, Y and Chen, C and Wu, D and Yu, T and Cao, Q and Li, X and Li, J and Li, W and Wang, J and Yang, M and Hu, H and Zhang, L and Yu, Y and Chen, X and Hu, J and Zhu, K and Jiang, S and Huang, Y and Tan, G and Huang, J and Lin, X and Zhang, X and Luo, L and Liu, Y and Liu, X and Cheng, B and Zheng, D and Wu, M and Chen, W and Liu, Y}, 
editor = {}, 
title = {{Diagnostic Efficacy and Therapeutic Decision-making Capacity of an Artificial Intelligence Platform for Childhood Cataracts in Eye Clinics: A Multicentre Randomized Controlled Trial.}}, 
journal = {EClinicalMedicine}, 
volume = {9}, 
number = {}, 
pages = {52–59}, 
year = {2019} 
}


@Article{turakhia2019a,
author = {Turakhia, MP and Desai, M and Hedlin, H and Rajmane, A and Talati, N and Ferris, T and Desai, S and Nag, D and Patel, M and Kowey, P and Rumsfeld, JS and Russo, AM and Hills, MT and Granger, CB and Mahaffey, KW and Perez, MV}, 
editor = {}, 
title = {{Rationale and design of a large-scale, app-based study to identify cardiac arrhythmias using a smartwatch: The Apple Heart Study.}}, 
journal = {Am Heart J}, 
volume = {207}, 
number = {}, 
pages = {66–75}, 
year = {2019} 
}


@misc{ritchie2017,
title = {{The ‘Five Safes’: a framework for planning, designing and evaluating data access solutions}}, 
author = {Ritchie, Felix}, 
note = {Accessed: 29 April 2022}, 
howpublished = {\url{https://uwe-repository.worktribe.com/OutputFile/880718}}, 
year = {2017} 
}


@Article{long2017,
author = {Long, Erping and Lin, Haotian and Liu, Zhenzhen and Wu, Xiaohang and Wang, Liming and Jiang, Jiewei and An, Yingying and Lin, Zhuoling and Li, Xiaoyan and Chen, Jingjing and Li, Jing and Cao, Qianzhong and Wang, Dongni and Liu, Xiyang and Chen, Weirong and Liu, Yizhi}, 
editor = {}, 
title = {{An artificial intelligence platform for the multihospital collaborative management of congenital cataracts}}, 
journal = {Nature Biomedical Engineering}, 
volume = {1}, 
number = {2}, 
pages = {}, 
year = {2017} 
}


@misc{2022b,
title = {{DevOps}}, 
author = {}, 
note = {Accessed: 29 April 2022}, 
howpublished = {\url{https://en.wikipedia.org/wiki/DevOps}}, 
year = {2022} 
}


@Article{everson2020,
author = {Everson, J and Rubin, JC and Friedman, CP}, 
editor = {}, 
title = {{Reconsidering hospital EHR adoption at the dawn of HITECH: implications of the reported 9% adoption of a “basic” EHR.}}, 
journal = {J Am Med Inform Assoc}, 
volume = {27}, 
number = {8}, 
pages = {1198–1205}, 
year = {2020} 
}


@Article{santanna2021a,
author = {Sant’Anna, A and Vilhelmsson, A and Wolf, A}, 
editor = {}, 
title = {{Nudging healthcare professionals in clinical settings: a scoping review of the literature.}}, 
journal = {BMC Health Serv Res}, 
volume = {21}, 
number = {1}, 
pages = {543}, 
year = {2021} 
}


@Article{futoma2020,
author = {Futoma, J and Simons, M and Panch, T and Doshi-Velez, F and Celi, LA}, 
editor = {}, 
title = {{The myth of generalisability in clinical research and machine learning in health care.}}, 
journal = {Lancet Digit Health}, 
volume = {2}, 
number = {9}, 
pages = {e489–e492}, 
year = {2020} 
}


@Article{muehlematter2021,
author = {Muehlematter, UJ and Daniore, P and Vokinger, KN}, 
editor = {}, 
title = {{Approval of artificial intelligence and machine learning-based medical devices in the USA and Europe (2015-20): a comparative analysis.}}, 
journal = {Lancet Digit Health}, 
volume = {3}, 
number = {}, 
pages = {e195–e203}, 
year = {2021} 
}


@Article{williamson2020,
author = {Williamson, EJ and Walker, AJ and Bhaskaran, K and Bacon, S and Bates, C and Morton, CE and Curtis, HJ and Mehrkar, A and Evans, D and Inglesby, P and Cockburn, J and McDonald, HI and MacKenna, B and Tomlinson, L and Douglas, IJ and Rentsch, CT and Mathur, R and Wong, AYS and Grieve, R and Harrison, D and Forbes, H and Schultze, A and Croker, R and Parry, J and Hester, F and Harper, S and Perera, R and Evans, SJW and Smeeth, L and Goldacre, B}, 
editor = {}, 
title = {{Factors associated with COVID-19-related death using OpenSAFELY.}}, 
journal = {Nature}, 
volume = {584}, 
number = {7821}, 
pages = {430–436}, 
year = {2020} 
}


@Article{corrigan-curay2018a,
author = {Corrigan-Curay, J and Sacks, L and Woodcock, J}, 
editor = {}, 
title = {{Real-World Evidence and Real-World Data for Evaluating Drug Safety and Effectiveness.}}, 
journal = {JAMA}, 
volume = {320}, 
number = {9}, 
pages = {867–868}, 
year = {2018} 
}


@Article{mcrae2015,
author = {McRae, Hamish}, 
editor = {}, 
title = {{Facebook, Airbnb, Uber, and the unstoppable rise of the content non-generators}}, 
journal = {The Independent}, 
volume = {}, 
number = {}, 
pages = {}, 
year = {2015} 
}


@misc{2021f,
title = {{Digital Future Index 2021-2022}}, 
author = {}, 
note = {Accessed: 26 April 2022}, 
howpublished = {\url{https://www.digicatapult.org.uk/news-and-insights/publications/post/digital-future-index-2021-2022/}}, 
year = {2021} 
}


@internet{2021c,
title = {{Data Research Infrastructure Landscape: A review of the UK data research infrastructure}}, 
author = {}, 
note = {Accessed: 30 April 2022}, 
howpublished = {\url{https://dareuk.org.uk/wp-content/uploads/2021/11/DARE_UK_Data_Research_Infrastructure_Landscape_Review_Oct_2021.pdf}}, 
year = {2021} 
}




@misc{jacob2008,
title = {{Mirth: Standards-Based Open Source Healthcare Interface Engine}}, 
author = {Jacob, Brauer}, 
note = {Accessed: 2022-01-10}, 
howpublished = {\url{http://timreview.ca/article/205}}, 
year = {2008} 
}


@Article{powles2017,
author = {Powles, J and Hodson, H}, 
editor = {}, 
title = {{Google DeepMind and healthcare in an age of algorithms.}}, 
journal = {Health Technol (Berl)}, 
volume = {7}, 
number = {4}, 
pages = {351–367}, 
year = {2017} 
}


@Article{tomasev2021,
author = {Tomašev, N and Harris, N and Baur, S and Mottram, A and Glorot, X and Rae, JW and Zielinski, M and Askham, H and Saraiva, A and Magliulo, V and Meyer, C and Ravuri, S and Protsyuk, I and Connell, A and Hughes, CO and Karthikesalingam, A and Cornebise, J and Montgomery, H and Rees, G and Laing, C and Baker, CR and Osborne, TF and Reeves, R and Hassabis, D and King, D and Suleyman, M and Back, T and Nielson, C and Seneviratne, MG and Ledsam, JR and Mohamed, S}, 
editor = {}, 
title = {{Use of deep learning to develop continuous-risk models for adverse event prediction from electronic health records.}}, 
journal = {Nat Protoc}, 
volume = {16}, 
number = {6}, 
pages = {2765–2787}, 
year = {2021} 
}


@misc{2021b,
title = {{FHIR Bulk Data Access (Flat FHIR)}}, 
author = {}, 
note = {Accessed: 12 September 2021}, 
howpublished = {\url{https://hl7.org/fhir/uv/bulkdata/index.html}}, 
year = {2021} 
}


@misc{2018c,
title = {{Simplified SQL Projection of FHIR Resources}}, 
author = {}, 
note = {Accessed: 12 September 2021}, 
howpublished = {\url{https://github.com/FHIR/sql-on-fhir/blob/master/sql-on-fhir.md}}, 
year = {2018} 
}


@Article{guinney2018,
author = {Guinney, J and Saez-Rodriguez, J}, 
editor = {}, 
title = {{Alternative models for sharing confidential biomedical data.}}, 
journal = {Nat Biotechnol}, 
volume = {36}, 
number = {5}, 
pages = {391–392}, 
year = {2018} 
}


@Article{shah2019,
author = {Shah, NH and Milstein, A and Bagley PhD, SC}, 
editor = {}, 
title = {{Making Machine Learning Models Clinically Useful.}}, 
journal = {JAMA}, 
volume = {322}, 
number = {14}, 
pages = {1351–1352}, 
year = {2019} 
}


@Article{turley2016,
author = {Turley, Christine B.}, 
editor = {}, 
title = {{Leveraging a Statewide Clinical Data Warehouse to Expand Boundaries of the Learning Health System}}, 
journal = {eGEMs (Generating Evidence \& Methods to improve patient outcomes)}, 
volume = {4}, 
number = {1}, 
pages = {25}, 
year = {2016} 
}


