@Article{jeter2019,
author = {Jeter, Russell and Josef, Christopher and Shashikumar, Supreeth and Nemati, Shamim}, 
editor = {}, 
title = {{Does the “Artificial Intelligence Clinician” learn optimal treatment strategies for sepsis in intensive care}}, 
journal = {arXiv}, 
volume = {}, 
number = {}, 
pages = {}, 
year = {2019} 
}


@Article{london2018,
author = {London, AJ}, 
editor = {}, 
title = {{Learning health systems, clinical equipoise and the ethics of response adaptive randomisation.}}, 
journal = {J Med Ethics}, 
volume = {44}, 
number = {6}, 
pages = {409–415}, 
year = {2018} 
}


@Article{sculley2015,
author = {Sculley, David and Holt, Gary and Golovin, Daniel and Davydov, Eugene and Phillips, Todd and Ebner, Dietmar and Chaudhary, Vinay and Young, Michael and Crespo, Jean-Francois and Dennison, Dan}, 
editor = {}, 
title = {{Hidden technical debt in machine learning systems}}, 
journal = {Advances in neural information processing systems}, 
volume = {28}, 
number = {}, 
pages = {2503–2511}, 
year = {2015} 
}


@Article{vaitla2020a,
author = {Morse, KE and Bagley, SC and Shah, NH}, 
editor = {}, 
title = {{Estimate the hidden deployment cost of predictive models to improve patient care.}}, 
journal = {Nat Med}, 
volume = {26}, 
number = {1}, 
pages = {18–19}, 
year = {2020} 
}


@Article{sendak2020,
author = {Sendak, MP and Ratliff, W and Sarro, D and Alderton, E and Futoma, J and Gao, M and Nichols, M and Revoir, M and Yashar, F and Miller, C and Kester, K and Sandhu, S and Corey, K and Brajer, N and Tan, C and Lin, A and Brown, T and Engelbosch, S and Anstrom, K and Elish, MC and Heller, K and Donohoe, R and Theiling, J and Poon, E and Balu, S and Bedoya, A and O’Brien, C}, 
editor = {}, 
title = {{Real-World Integration of a Sepsis Deep Learning Technology Into Routine Clinical Care: Implementation Study.}}, 
journal = {JMIR Med Inform}, 
volume = {8}, 
number = {7}, 
pages = {e15182}, 
year = {2020} 
}


@Article{tomasev2019,
author = {Tomašev, N and Glorot, X and Rae, JW and Zielinski, M and Askham, H and Saraiva, A and Mottram, A and Meyer, C and Ravuri, S and Protsyuk, I and Connell, A and Hughes, CO and Karthikesalingam, A and Cornebise, J and Montgomery, H and Rees, G and Laing, C and Baker, CR and Peterson, K and Reeves, R and Hassabis, D and King, D and Suleyman, M and Back, T and Nielson, C and Ledsam, JR and Mohamed, S}, 
editor = {}, 
title = {{A clinically applicable approach to continuous prediction of future acute kidney injury.}}, 
journal = {Nature}, 
volume = {572}, 
number = {7767}, 
pages = {116–119}, 
year = {2019} 
}


@Article{hyland2020,
author = {Hyland, Stephanie L. and Faltys, Martin and Hüser, Matthias and Lyu, Xinrui and Gumbsch, Thomas and Esteban, Cristóbal and Bock, Christian and Horn, Max and Moor, Michael and Rieck, Bastian and Zimmermann, Marc and Bodenham, Dean and Borgwardt, Karsten and Rätsch, Gunnar and Merz, Tobias M.}, 
editor = {}, 
title = {{Early prediction of circulatory failure in the intensive care unit using machine learning}}, 
journal = {Nature Medicine}, 
volume = {26}, 
number = {3}, 
pages = {364–373}, 
year = {2020} 
}


@Article{the2021,
author = {Group, DECIDE-AI Steering}, 
editor = {}, 
title = {{DECIDE-AI: new reporting guidelines to bridge the development-to-implementation gap in clinical artificial intelligence}}, 
journal = {Nature Medicine}, 
volume = {27}, 
number = {2}, 
pages = {186–187}, 
year = {2021} 
}


@Article{woolf2008,
author = {Woolf, SH}, 
editor = {}, 
title = {{The meaning of translational research and why it matters.}}, 
journal = {JAMA}, 
volume = {299}, 
number = {2}, 
pages = {211–213}, 
year = {2008} 
}


@Article{mandl2020,
author = {Mandl, KD and Gottlieb, D and Mandel, JC and Ignatov, V and Sayeed, R and Grieve, G and Jones, J and Ellis, A and Culbertson, A}, 
editor = {}, 
title = {{Push Button Population Health: The SMART/HL7 FHIR Bulk Data Access Application Programming Interface.}}, 
journal = {NPJ Digit Med}, 
volume = {3}, 
number = {1}, 
pages = {151}, 
year = {2020} 
}


@Article{,
author = {Ghassemi, M and Oakden-Rayner, L and Beam, AL}, 
editor = {}, 
title = {{The false hope of current approaches to explainable artificial intelligence in health care}}, 
journal = {Lancet Digit Health}, 
volume = {3}, 
number = {11}, 
pages = {e745–e750}, 
year = {2021} 
}


@misc{2020,
title = {{Trusted Research Environments (TRE): A strategy to build public trust and meet changing health data science needs}}, 
author = {}, 
note = {Accessed: 2021-11-19}, 
howpublished = {\url{}}, 
year = {2020} 
}


@Proceedings{liley2021,
author = {Liley, James and Emerson, Samuel and Mateen, Bilal and Vallejos, Catalina and Aslett, Louis and Vollmer, Sebastian}, 
editor = {}, 
title = {{Model updating after interventions paradoxically introduces bias}}, 
booktitle = {Model updating after interventions paradoxically introduces bias}, 
volume = {International Conference on Artificial Intelligence and Statistics}, 
publisher = {PMLR}, 
address = {}, 
pages = {3916-3924}, 
year = {2021}
}

@Article{braithwaite2020,
author = {Braithwaite, Jeffrey and Glasziou, Paul and Westbrook, Johanna}, 
editor = {}, 
title = {{The three numbers you need to know about healthcare: the 60-30-10 challenge}}, 
journal = {BMC medicine}, 
volume = {18}, 
number = {}, 
pages = {1–8}, 
year = {2020} 
}


@Article{bunz2021,
author = {Bunz, Mercedes and Braghieri, Marco}, 
editor = {}, 
title = {{The AI doctor will see you now: assessing the framing of AI in news coverage}}, 
journal = {AI & SOCIETY}, 
volume = {}, 
number = {}, 
pages = {}, 
year = {2021} 
}


@misc{nhsx2022,
title = {{The National Strategy for AI in Health and Social Care}}, 
author = {}, 
note = {Accessed: 2022-01-31}, 
howpublished = {\url{https://www.nhsx.nhs.uk/ai-lab/ai-lab-programmes/the-national-strategy-for-ai-in-health-and-social-care/}}, 
year = {} 
}


@Proceedings{steinert2010,
author = {Steinert, Martin and Leifer, Larry}, 
editor = {}, 
title = {{Scrutinizing Gartner’s hype cycle approach}}, 
booktitle = {Scrutinizing Gartner’s hype cycle approach}, 
volume = {}, 
publisher = {}, 
address = {}, 
pages = {1-13}, 
year = {2010}
}

@Article{renggli2021,
author = {Renggli, Cedric and Rimanic, Luka and Gürel, Nezihe Merve and Karlaš, Bojan and Wu, Wentao and Zhang, Ce}, 
editor = {}, 
title = {{A Data Quality-Driven View of MLOps}}, 
journal = {arXiv}, 
volume = {}, 
number = {}, 
pages = {2102.07750v1}, 
year = {2021} 
}


@misc{hermann2017,
title = {{Meet Michelangelo: Uber’s Machine Learning Platform}}, 
author = {Hermann, Jeremy and Del Balso, Mike}, 
note = {Accessed: 2022-01-31}, 
howpublished = {\url{https://eng.uber.com/michelangelo-machine-learning-platform/}}, 
year = {2017} 
}


@Proceedings{sambasivan2021,
author = {Sambasivan, Nithya and Kapania, Shivani and Highfill, Hannah and Akrong, Diana and Paritosh, Praveen and Aroyo, Lora M}, 
editor = {}, 
title = {{“Everyone wants to do the model work, not the data work”: Data Cascades in High-Stakes AI}}, 
booktitle = {“Everyone wants to do the model work, not the data work”: Data Cascades in High-Stakes AI}, 
volume = {}, 
publisher = {ACM}, 
address = {New York, NY, USA}, 
pages = {}, 
year = {2021}
}

@Article{wang2021a,
author = {Wang, Weisha and Chen, Long and Xiong, Mengran and Wang, Yichuan}, 
editor = {}, 
title = {{Accelerating AI Adoption with Responsible AI Signals and Employee Engagement Mechanisms in Health Care}}, 
journal = {Information Systems Frontiers}, 
volume = {}, 
number = {}, 
pages = {1–18}, 
year = {2021} 
}



@Article{article,
	author = "Author1 LastName1 and Author2 LastName2 and Author3 LastName3",
	title = "Article Title",
	volume = "30",
	number = "30",
	pages = "10127-10134",
	year = "2013",
	doi = "10.3389/fnins.2013.12345",
	URL = "http://www.frontiersin.org/Journal/10.3389/fnins.2013.12345/abstract",
	journal = "Frontiers in Neuroscience"
}

@book{book,
  author    = {Author Name}, 
  title     = {The title of the work},
  publisher = {The name of the publisher},
  address   = {The city},
  year      = 1993,
}

@incollection{chapter,
  author       = {Bauthor Surname}, 
  title        = {The title of the work},
  editor       = {Editor Name},
  booktitle    = {The title of the book},
  publisher    = {The name of the publisher},
  address      = {The city},
  year         = 2002,
  pages        = {201-213},
}

@InProceedings{conference,
  author = {Cauthor Name and Dauthor Surname and Fauthor LastName},
  title = {The title of the work},
  booktitle = {The title of the conference proceedings},
  year = 1996,
  publisher = {The name of the publisher},
  editor = {Editor Name1 and Editor Name2},
  pages = {41-50},
}

@book{cho,
  author       = {Gauthor Name1}, 
  title        = {The title of the work},
  publisher = {Country code and patent number},
  address      = {Patent Country},
  year = 2013
}

@book{patent,
  author    = {Hauthor Surname1}, 
  title     = {The title of the work},
  publisher = {Patent number},
  address   = {Patent country},
  year      = 2010,
}

% please use misc for datasets
@misc{dataset, 
	author = "Author1 LastName1 and Author2 LastName2 and Author3 LastName3",
	title = "Data Title",
	year = "2011",
	doi = "10.000/55555",
	URL = "http://www.frontiersin.org/",
}