
@misc{2013,
  title = {{{SEC Charges Knight Capital With Violations}} of {{Market Access Rule}}},
  year = {2013},
  howpublished = {https://www.sec.gov/news/press-release/2013-222}
}

@misc{2018c,
  title = {Simplified {{SQL}} Projection of {{FHIR}} Resources},
  year = {2018},
  howpublished = {https://github.com/FHIR/sql-on-fhir/blob/master/sql-on-fhir.md}
}

@techreport{2021,
  title = {Artificial {{Intelligence}} and {{Machine Learning}} ({{AI}}/{{ML}}) {{Software}} as a {{Medical Device Action Plan}}},
  year = {2021},
  month = jan,
  institution = {{US Food \& Drug Administration}},
  file = {/Users/steve/Zotero/storage/MY6455ZE/AIML-SaMD-Action-Plan.pdf}
}

@techreport{2021a,
  type = {Green {{Paper}}},
  title = {Trusted {{Research Environments}} ({{TRE}}): {{A}} Strategy to Build Public Trust and Meet Changing Health Data Science Needs},
  year = {2021},
  month = jul,
  number = {version 2.0},
  institution = {{UK Health Data Research Alliance}},
  file = {/Users/steve/Zotero/storage/WK42A3C8/content copy.pdf}
}

@misc{2021b,
  title = {{{FHIR}} Bulk Data Access (Flat {{FHIR}})},
  year = {2021},
  howpublished = {https://hl7.org/fhir/uv/bulkdata/index.html}
}

@misc{2021c,
  title = {Data Research Infrastructure Landscape: {{A}} Review of the {{UK}} Data Research Infrastructure},
  year = {2021}
}

@misc{2021f,
  title = {Digital Future Index 2021-2022},
  year = {2021}
}

@misc{2022b,
  title = {{{DevOps}}},
  year = {2022}
}

@article{abdar2021,
  title = {A Review of Uncertainty Quantification in Deep Learning: {{Techniques}}, Applications and Challenges},
  author = {Abdar, M and Pourpanah, F and Hussain, S and Rezazadegan, D and Liu, L and Ghavamzadeh, M and Fieguth, P and Cao, X and Khosravi, A and Acharya, R and Makarenkov, V and Nahavandi, S},
  year = {2021},
  journal = {Information Fusion},
  volume = {76},
  pages = {243--297}
}

@article{amodei2016,
  title = {Concrete Problems in {{AI}} Safety},
  author = {Amodei, D and Olah, C and Steinhardt, J and Christiano, P and Schulman, J and Man{\'e}, D},
  year = {2016},
  journal = {arXiv preprint arXiv:1606.06565},
  eprint = {1606.06565},
  eprinttype = {arxiv},
  doi = {10.48550/arXiv.1606.06565},
  archiveprefix = {arXiv},
  file = {/Users/steve/Zotero/storage/J3REKPAG/Amodei et al. - 2016 - Concrete problems in AI safety.pdf}
}

@article{bartlett,
  title = {Classification with a {{Reject Option}} Using a {{Hinge Loss}}},
  author = {Bartlett, Peter L and Wegkamp, Marten H},
  pages = {18},
  langid = {english},
  file = {/Users/steve/Zotero/storage/CJDDQCR8/Bartlett and Wegkamp - ClassiÔ¨Åcation with a Reject Option using a Hinge L.pdf}
}

@article{ben-israel2020,
  title = {The Impact of Machine Learning on Patient Care: {{A}} Systematic Review},
  author = {{Ben-Israel}, David and Jacobs, W. Bradley and Casha, Steve and Lang, Stefan and Ryu, Won Hyung A. and {de Lotbiniere-Bassett}, Madeleine and Cadotte, David W.},
  year = {2020},
  journal = {Artificial Intelligence in Medicine},
  volume = {103},
  pages = {101785}
}

@article{braithwaite2020,
  title = {The Three Numbers You Need to Know about Healthcare: The 60-30-10 Challenge},
  author = {Braithwaite, Jeffrey and Glasziou, Paul and Westbrook, Johanna},
  year = {2020},
  journal = {BMC medicine},
  volume = {18},
  pages = {1--8}
}

@incollection{breck2019,
  title = {Data Validation for Machine Learning.},
  booktitle = {Data Validation for Machine Learning.},
  author = {Breck, Eric and Polyzotis, Neoklis and Roy, Sudip and Whang, Steven and Zinkevich, Martin},
  year = {2019}
}

@article{bunz2022,
  title = {The {{AI}} Doctor Will See You Now: Assessing the Framing of {{AI}} in News Coverage},
  shorttitle = {The {{AI}} Doctor Will See You Now},
  author = {Bunz, Mercedes and Braghieri, Marco},
  year = {2022},
  month = mar,
  journal = {AI \& SOCIETY},
  volume = {37},
  number = {1},
  pages = {9--22},
  issn = {0951-5666, 1435-5655},
  doi = {10.1007/s00146-021-01145-9},
  langid = {english},
  file = {/Users/steve/Zotero/storage/THLJZWBF/Bunz and Braghieri - 2022 - The AI doctor will see you now assessing the fram.pdf}
}

@article{bunz2022a,
  title = {The {{AI}} Doctor Will See You Now: Assessing the Framing of {{AI}} in News Coverage},
  shorttitle = {The {{AI}} Doctor Will See You Now},
  author = {Bunz, Mercedes and Braghieri, Marco},
  year = {2022},
  month = mar,
  journal = {AI \& SOCIETY},
  volume = {37},
  number = {1},
  pages = {9--22},
  issn = {1435-5655},
  doi = {10.1007/s00146-021-01145-9},
  langid = {english},
  keywords = {Agency,ai,Artificial intelligence,Framing,Healthcare,hype,Media coverage,Medicine,ml4h,press},
  file = {/Users/steve/Zotero/storage/4NU875J3/Bunz and Braghieri - 2022 - The AI doctor will see you now assessing the fram.pdf}
}

@article{burton2015,
  title = {Data {{Safe Havens}} in Health Research and Healthcare},
  author = {Burton, Paul R. and Murtagh, Madeleine J. and Boyd, Andy and Williams, James B. and Dove, Edward S. and Wallace, Susan E. and Tass{\'e}, Anne-Marie and Little, Julian and Chisholm, Rex L. and Gaye, Amadou and Hveem, Kristian and Brookes, Anthony J. and Goodwin, Pat and Fistein, Jon and Bobrow, Martin and Knoppers, Bartha M.},
  year = {2015},
  month = oct,
  journal = {Bioinformatics (Oxford, England)},
  volume = {31},
  number = {20},
  pages = {3241--3248},
  issn = {1367-4811},
  doi = {10.1093/bioinformatics/btv279},
  langid = {english},
  pmcid = {PMC4595892},
  pmid = {26112289},
  keywords = {Access to Information,Biomedical Research,Confidentiality,Delivery of Health Care,Humans,Research},
  file = {/Users/steve/Zotero/storage/A2X56N2K/Burton et al. - 2015 - Data Safe Havens in health research and healthcare.pdf}
}

@article{chen2022,
  title = {Nudging within Learning Health Systems: Next Generation Decision Support to Improve Cardiovascular Care.},
  author = {Chen, Y and Harris, S and Rogers, Y and Ahmad, T and Asselbergs, FW},
  year = {2022},
  journal = {European heart journal},
  volume = {43},
  number = {13},
  pages = {1296--1306}
}

@article{chen2022a,
  title = {Nudging within Learning Health Systems: Next Generation Decision Support to Improve Cardiovascular Care},
  shorttitle = {Nudging within Learning Health Systems},
  author = {Chen, Yang and Harris, Steve and Rogers, Yvonne and Ahmad, Tariq and Asselbergs, Folkert W.},
  year = {2022},
  month = mar,
  journal = {European Heart Journal},
  volume = {43},
  number = {13},
  pages = {1296--1306},
  issn = {0195-668X, 1522-9645},
  doi = {10.1093/eurheartj/ehac030},
  langid = {english},
  file = {/Users/steve/Zotero/storage/8STYH4D2/Chen et al. - 2022 - Nudging within learning health systems next gener.pdf}
}

@article{chow1970,
  title = {On Optimum Recognition Error and Reject Tradeoff},
  author = {Chow, C.},
  year = {1970},
  month = jan,
  journal = {IEEE Transactions on Information Theory},
  volume = {16},
  number = {1},
  pages = {41--46},
  issn = {0018-9448},
  doi = {10.1109/TIT.1970.1054406},
  langid = {english},
  file = {/Users/steve/Zotero/storage/WECGRTV2/Chow - 1970 - On optimum recognition error and reject tradeoff.pdf}
}

@article{connell2019,
  title = {Implementation of a {{Digitally Enabled Care Pathway}} ({{Part}} 2): {{Qualitative Analysis}} of {{Experiences}} of {{Health Care Professionals}}},
  shorttitle = {Implementation of a {{Digitally Enabled Care Pathway}} ({{Part}} 2)},
  author = {Connell, Alistair and Black, Georgia and Montgomery, Hugh and Martin, Peter and Nightingale, Claire and King, Dominic and Karthikesalingam, Alan and Hughes, C{\'i}an and Back, Trevor and Ayoub, Kareem and Suleyman, Mustafa and Jones, Gareth and Cross, Jennifer and Stanley, Sarah and Emerson, Mary and Merrick, Charles and Rees, Geraint and Laing, Christopher and Raine, Rosalind},
  year = {2019},
  month = jul,
  journal = {Journal of Medical Internet Research},
  volume = {21},
  number = {7},
  pages = {e13143},
  issn = {1438-8871},
  doi = {10.2196/13143},
  langid = {english},
  file = {/Users/steve/Zotero/storage/UXDRK7YT/Connell et al. - 2019 - Implementation of a Digitally Enabled Care Pathway.pdf}
}

@article{corrigan-curay2018a,
  title = {Real-{{World Evidence}} and {{Real-World Data}} for {{Evaluating Drug Safety}} and {{Effectiveness}}},
  author = {{Corrigan-Curay}, Jacqueline and Sacks, Leonard and Woodcock, Janet},
  year = {2018},
  month = sep,
  journal = {JAMA},
  volume = {320},
  number = {9},
  pages = {867},
  issn = {0098-7484},
  doi = {10.1001/jama.2018.10136},
  langid = {english},
  file = {/Users/steve/Zotero/storage/N2IRXGMT/Corrigan-Curay et al. - 2018 - Real-World Evidence and Real-World Data for Evalua.pdf}
}

@article{davis2017,
  title = {Calibration Drift in Regression and Machine Learning Models for Acute Kidney Injury},
  author = {Davis, Sharon E and Lasko, Thomas A and Chen, Guanhua and Siew, Edward D and Matheny, Michael E},
  year = {2017},
  month = nov,
  journal = {Journal of the American Medical Informatics Association},
  volume = {24},
  number = {6},
  pages = {1052--1061},
  issn = {1067-5027, 1527-974X},
  doi = {10.1093/jamia/ocx030},
  langid = {english},
  file = {/Users/steve/Zotero/storage/AH8XGXD7/Davis et al. - 2017 - Calibration drift in regression and machine learni.pdf}
}

@article{davis2019,
  title = {A Nonparametric Updating Method to Correct Clinical Prediction Model Drift.},
  author = {Davis, SE and Greevy, RA and Fonnesbeck, C and Lasko, TA and Walsh, CG and Matheny, ME},
  year = {2019},
  journal = {Journal of the American Medical Informatics Association : JAMIA},
  volume = {26},
  number = {12},
  pages = {1448--1457}
}

@article{davis2020,
  title = {Detection of Calibration Drift in Clinical Prediction Models to Inform Model Updating},
  author = {Davis, Sharon E. and Greevy, Robert A. and Lasko, Thomas A. and Walsh, Colin G. and Matheny, Michael E.},
  year = {2020},
  month = dec,
  journal = {Journal of Biomedical Informatics},
  volume = {112},
  pages = {103611},
  issn = {15320464},
  doi = {10.1016/j.jbi.2020.103611},
  langid = {english},
  file = {/Users/steve/Zotero/storage/NR4WBFQY/Davis et al. - 2020 - Detection of calibration drift in clinical predict.pdf}
}

@article{Doshi-Velez2017,
  title = {Towards a Rigorous Science of Interpretable Machine Learning},
  author = {{Doshi-Velez}, F and Kim, B},
  year = {2017},
  journal = {arXiv preprint arXiv:1702.08608},
  eprint = {1702.08608},
  eprinttype = {arxiv},
  archiveprefix = {arXiv}
}

@article{eaneff2020,
  title = {The {{Case}} for {{Algorithmic Stewardship}} for {{Artificial Intelligence}} and {{Machine Learning Technologies}}},
  author = {Eaneff, Stephanie and Obermeyer, Ziad and Butte, Atul J.},
  year = {2020},
  month = oct,
  journal = {JAMA},
  volume = {324},
  number = {14},
  pages = {1397--1398},
  issn = {0098-7484},
  doi = {10.1001/jama.2020.9371},
  file = {/Users/steve/Zotero/storage/BL6PZA2M/Eaneff et al. - 2020 - The Case for Algorithmic Stewardship for Artificia.pdf;/Users/steve/Zotero/storage/V825ED4W/2770772.html}
}

@article{elyaniva2010,
  title = {On the {{Foundations}} of {{Noise-free Selective Classification}}},
  author = {{El-Yaniv}, Ran and Wiener, Yair},
  pages = {37},
  langid = {english},
  file = {/Users/steve/Zotero/storage/D3DWTNXM/El-Yaniv and Wiener - On the Foundations of Noise-free Selective ClassiÔ¨Å.pdf}
}

@article{everson2020,
  title = {Reconsidering Hospital {{EHR}} Adoption at the Dawn of {{HITECH}}: Implications of the Reported 9\% Adoption of a ``Basic'' {{EHR}}},
  shorttitle = {Reconsidering Hospital {{EHR}} Adoption at the Dawn of {{HITECH}}},
  author = {Everson, Jordan and Rubin, Joshua C and Friedman, Charles P},
  year = {2020},
  month = aug,
  journal = {Journal of the American Medical Informatics Association},
  volume = {27},
  number = {8},
  pages = {1198--1205},
  issn = {1527-974X},
  doi = {10.1093/jamia/ocaa090},
  langid = {english},
  file = {/Users/steve/Zotero/storage/LWJJHB7Y/Everson et al. - 2020 - Reconsidering hospital EHR adoption at the dawn of.pdf}
}

@article{falco2021,
  title = {Governing {{AI}} Safety through Independent Audits},
  author = {Falco, Gregory and Shneiderman, Ben and Badger, Julia and Carrier, Ryan and Dahbura, Anton and Danks, David and Eling, Martin and Goodloe, Alwyn and Gupta, Jerry and Hart, Christopher},
  year = {2021},
  journal = {Nature Machine Intelligence},
  volume = {3},
  number = {7},
  pages = {566--571}
}

@article{feng2021,
  title = {Approval Policies for Modifications to Machine Learning-based Software as a Medical Device: {{A}} Study of Bio-creep},
  shorttitle = {Approval Policies for Modifications to Machine Learning-based Software as a Medical Device},
  author = {Feng, Jean and Emerson, Scott and Simon, Noah},
  year = {2021},
  month = mar,
  journal = {Biometrics},
  volume = {77},
  number = {1},
  pages = {31--44},
  issn = {0006-341X, 1541-0420},
  doi = {10.1111/biom.13379},
  langid = {english},
  file = {/Users/steve/Zotero/storage/TRGNL5GD/Feng et al. - 2021 - Approval policies for modifications to machine lea.pdf}
}

@article{feng2021a,
  title = {Selective Prediction-Set Models with Coverage Guarantees},
  author = {Feng, Jean and Sondhi, Arjun and Perry, Jessica and Simon, Noah},
  year = {2021},
  month = dec,
  journal = {Biometrics},
  eprint = {1906.05473},
  eprinttype = {arxiv},
  primaryclass = {cs, stat},
  pages = {biom.13612},
  issn = {0006-341X, 1541-0420},
  doi = {10.1111/biom.13612},
  archiveprefix = {arXiv},
  langid = {english},
  keywords = {Computer Science - Machine Learning,Statistics - Machine Learning},
  file = {/Users/steve/Zotero/storage/EF7AM35Z/Feng et al. - 2021 - Selective prediction-set models with coverage guar.pdf}
}

@article{feng2022,
  title = {Clinical Artificial Intelligence Quality Improvement: Towards Continual Monitoring and Updating of {{AI}} Algorithms in Healthcare},
  shorttitle = {Clinical Artificial Intelligence Quality Improvement},
  author = {Feng, Jean and Phillips, Rachael V. and Malenica, Ivana and Bishara, Andrew and Hubbard, Alan E. and Celi, Leo A. and Pirracchio, Romain},
  year = {2022},
  month = dec,
  journal = {npj Digital Medicine},
  volume = {5},
  number = {1},
  pages = {66},
  issn = {2398-6352},
  doi = {10.1038/s41746-022-00611-y},
  langid = {english},
  file = {/Users/steve/Zotero/storage/W2JZHLTS/Feng et al. - 2022 - Clinical artificial intelligence quality improveme.pdf}
}

@article{Filos2019,
  title = {A Systematic Comparison of Bayesian Deep Learning Robustness in Diabetic Retinopathy Tasks},
  author = {Filos, A and Farquhar, S and Gomez, AN and Rudner, TJG and Kenton, Z and Smith, L and Alizadeh, M and {de Kroon}, A and Gal, Y},
  year = {2019},
  journal = {arXiv preprint arXiv:1912.10481},
  eprint = {1912.10481},
  eprinttype = {arxiv},
  archiveprefix = {arXiv}
}

@article{futoma2020,
  title = {The Myth of Generalisability in Clinical Research and Machine Learning in Health Care},
  author = {Futoma, Joseph and Simons, Morgan and Panch, Trishan and {Doshi-Velez}, Finale and Celi, Leo Anthony},
  year = {2020},
  month = sep,
  journal = {The Lancet Digital Health},
  volume = {2},
  number = {9},
  pages = {e489-e492},
  issn = {25897500},
  doi = {10.1016/S2589-7500(20)30186-2},
  langid = {english},
  file = {/Users/steve/Zotero/storage/FADZ77QE/Futoma et al. - 2020 - The myth of generalisability in clinical research .pdf}
}

@article{ghassemi2021,
  title = {The False Hope of Current Approaches to Explainable Artificial Intelligence in Health Care},
  author = {Ghassemi, M and {Oakden-Rayner}, L and Beam, AL},
  year = {2021},
  journal = {The Lancet. Digital health},
  volume = {3},
  number = {11},
  pages = {e745--e750},
  file = {/Users/steve/Zotero/storage/VPZQASWM/Ghassemi et al. - 2021 - The false hope of current approaches to explainabl.pdf}
}

@article{Ghoshal2020,
  title = {Estimating Uncertainty and Interpretability in Deep Learning for Coronavirus ({{COVID-19}}) Detection},
  author = {Ghoshal, B and Tucker, T},
  year = {2020},
  journal = {arXiv preprint arXiv:2003.10769},
  eprint = {2003.10769},
  eprinttype = {arxiv},
  archiveprefix = {arXiv}
}

@article{gu2012,
  title = {Intravenous Magnesium Prevents Atrial Fibrillation after Coronary Artery Bypass Grafting: A Meta-Analysis of 7 Double-Blind, Placebo-Controlled, Randomized Clinical Trials.},
  author = {Gu, WJ and Wu, ZJ and Wang, PF and Aung, LH and Yin, RX},
  year = {2012},
  journal = {Trials},
  volume = {13},
  pages = {41}
}

@article{guinney2018,
  title = {Alternative Models for Sharing Confidential Biomedical Data.},
  author = {Guinney, J and {Saez-Rodriguez}, J},
  year = {2018},
  journal = {Nature biotechnology},
  volume = {36},
  number = {5},
  pages = {391--392}
}

@article{gunning2019,
  title = {{{XAI}}\textemdash{{Explainable}} Artificial Intelligence},
  author = {Gunning, D and Stefik, M and Choi, J and Stumpf, S and Yang, GZ},
  year = {2019},
  journal = {Science Robotics},
  volume = {4},
  number = {37}
}

@article{halpern2018,
  title = {Using {{Default Options}} and {{Other Nudges}} to {{Improve Critical Care}}:},
  shorttitle = {Using {{Default Options}} and {{Other Nudges}} to {{Improve Critical Care}}},
  author = {Halpern, Scott D.},
  year = {2018},
  month = mar,
  journal = {Critical Care Medicine},
  volume = {46},
  number = {3},
  pages = {460--464},
  issn = {0090-3493},
  doi = {10.1097/CCM.0000000000002898},
  langid = {english},
  file = {/Users/steve/Zotero/storage/UYIEKT44/Halpern - 2018 - Using Default Options and Other Nudges to Improve .pdf}
}

@article{Hoffman2018,
  title = {Metrics for Explainable {{AI}}: {{Challenges}} and Prospects},
  author = {Hoffman, R and Mueller, S and Klein, G and Litman, J},
  year = {2018},
  journal = {arXiv preprint arXiv:1812.04608},
  eprint = {1812.04608},
  eprinttype = {arxiv},
  archiveprefix = {arXiv}
}

@article{hyland2020,
  title = {Early Prediction of Circulatory Failure in the Intensive Care Unit Using Machine Learning},
  author = {Hyland, Stephanie L. and Faltys, Martin and H{\"u}ser, Matthias and Lyu, Xinrui and Gumbsch, Thomas and Esteban, Crist{\'o}bal and Bock, Christian and Horn, Max and Moor, Michael and Rieck, Bastian and Zimmermann, Marc and Bodenham, Dean and Borgwardt, Karsten and R{\"a}tsch, Gunnar and Merz, Tobias M.},
  year = {2020},
  journal = {Nature Medicine},
  volume = {26},
  number = {3},
  pages = {364--373}
}

@article{infant2017,
  title = {Computerised Interpretation of Fetal Heart Rate during Labour ({{INFANT}}): A Randomised Controlled Trial.},
  author = {INFANT, Collaborative Group},
  year = {2017},
  journal = {Lancet (London, England)},
  volume = {389},
  number = {10080},
  pages = {1719--1729}
}

@misc{jacob2008,
  title = {Mirth: {{Standards-based}} Open Source Healthcare Interface Engine},
  author = {Jacob, Brauer},
  year = {2008}
}

@incollection{john2021,
  title = {Towards {{MLOps}}: {{A}} Framework and Maturity Model},
  booktitle = {Towards {{MLOps}}: {{A}} Framework and Maturity Model},
  author = {John, Meenu Mary and Olsson, Helena Holmstr{\"o}m and Bosch, Jan},
  year = {2021},
  volume = {2021 47th Euromicro Conference on Software Engineering and Advanced Applications (SEAA)},
  pages = {1--8},
  publisher = {{IEEE}}
}

@article{keane2018,
  title = {With an Eye to {{AI}} and Autonomous Diagnosis},
  author = {Keane, Pearse A. and Topol, Eric J.},
  year = {2018},
  month = dec,
  journal = {npj Digital Medicine},
  volume = {1},
  number = {1},
  pages = {40, s41746-018-0048-y},
  issn = {2398-6352},
  doi = {10.1038/s41746-018-0048-y},
  langid = {english},
  file = {/Users/steve/Zotero/storage/XTR4VYLG/Keane and Topol - 2018 - With an eye to AI and autonomous diagnosis.pdf}
}

@article{King2022.03.07.22271999,
  title = {Machine Learning for Real-Time Aggregated Prediction of Hospital Admission for Emergency Patients},
  author = {King, Zella and Farrington, Joseph and Utley, Martin and Kung, Enoch and Elkhodair, Samer and Harris, Steve and Sekula, Richard and Li, Kezhi and Crowe, Sonya},
  year = {2022},
  journal = {medRxiv : the preprint server for health sciences}
}

@article{komorowski2018,
  title = {The {{Artificial Intelligence Clinician}} Learns Optimal Treatment Strategies for Sepsis in Intensive Care},
  author = {Komorowski, Matthieu and Celi, Leo A. and Badawi, Omar and Gordon, Anthony C. and Faisal, A. Aldo},
  year = {2018},
  month = nov,
  journal = {Nature Medicine},
  volume = {24},
  number = {11},
  pages = {1716--1720},
  issn = {1078-8956, 1546-170X},
  doi = {10.1038/s41591-018-0213-5},
  langid = {english},
  file = {/Users/steve/Zotero/storage/JILFZKVB/Komorowski et al. - 2018 - The Artificial Intelligence Clinician learns optim.pdf}
}

@misc{krishna2022a,
  title = {The {{Disagreement Problem}} in {{Explainable Machine Learning}}: {{A Practitioner}}'s {{Perspective}}},
  shorttitle = {The {{Disagreement Problem}} in {{Explainable Machine Learning}}},
  author = {Krishna, Satyapriya and Han, Tessa and Gu, Alex and Pombra, Javin and Jabbari, Shahin and Wu, Steven and Lakkaraju, Himabindu},
  year = {2022},
  month = feb,
  eprint = {2202.01602},
  eprinttype = {arxiv},
  primaryclass = {cs},
  publisher = {{arXiv}},
  archiveprefix = {arXiv},
  keywords = {Computer Science - Artificial Intelligence,Computer Science - Machine Learning},
  file = {/Users/steve/Zotero/storage/DM6RT2GB/Krishna et al. - 2022 - The Disagreement Problem in Explainable Machine Le.pdf;/Users/steve/Zotero/storage/WC8XP69V/Krishna et al. - 2022 - The Disagreement Problem in Explainable Machine Le.pdf;/Users/steve/Zotero/storage/XZMUUTLV/2202.html}
}

@article{lee2020,
  title = {Clinical Applications of Continual Learning Machine Learning},
  author = {Lee, Cecilia S. and Lee, Aaron Y.},
  year = {2020},
  month = jun,
  journal = {The Lancet Digital Health},
  volume = {2},
  number = {6},
  pages = {e279-e281},
  publisher = {{Elsevier}},
  issn = {2589-7500},
  doi = {10.1016/S2589-7500(20)30102-3},
  langid = {english},
  pmid = {33328120},
  file = {/Users/steve/Zotero/storage/T5FLHCZB/Lee and Lee - 2020 - Clinical applications of continual learning machin.pdf;/Users/steve/Zotero/storage/5MYKQBHS/fulltext.html}
}

@article{Leibig2017,
  title = {Leveraging Uncertainty Information from Deep Neural Networks for Disease Detection},
  author = {Leibig, C and Allken, V and Ayhan, MS and Berens, P and Wahl, S},
  year = {2017},
  journal = {Scientific reports},
  volume = {7},
  number = {1},
  pages = {1--14}
}

@inproceedings{liley2021,
  title = {Model Updating after Interventions Paradoxically Introduces Bias},
  booktitle = {International {{Conference}} on {{Artificial Intelligence}} and {{Statistics}}},
  author = {Liley, James and Emerson, Samuel and Mateen, Bilal and Vallejos, Catalina and Aslett, Louis and Vollmer, Sebastian},
  year = {2021},
  pages = {3916--3924},
  file = {/Users/steve/Zotero/storage/Q5LHEUWS/2021 J LILEY 246501 Model updating after interventions paradoxically introduces bias 370.pdf;/Users/steve/Zotero/storage/YPPMP6WD/2021 J LILEY 246501 Model updating after interventions paradoxically introduces bias.pdf}
}

@article{lin2019a,
  title = {Diagnostic Efficacy and Therapeutic Decision-Making Capacity of an Artificial Intelligence Platform for Childhood Cataracts in Eye Clinics: {{A}} Multicentre Randomized Controlled Trial.},
  author = {Lin, H and Li, R and Liu, Z and Chen, J and Yang, Y and Chen, H and Lin, Z and Lai, W and Long, E and Wu, X and Lin, D and Zhu, Y and Chen, C and Wu, D and Yu, T and Cao, Q and Li, X and Li, J and Li, W and Wang, J and Yang, M and Hu, H and Zhang, L and Yu, Y and Chen, X and Hu, J and Zhu, K and Jiang, S and Huang, Y and Tan, G and Huang, J and Lin, X and Zhang, X and Luo, L and Liu, Y and Liu, X and Cheng, B and Zheng, D and Wu, M and Chen, W and Liu, Y},
  year = {2019},
  journal = {EClinicalMedicine},
  volume = {9},
  pages = {52--59}
}

@article{Linardatos2020,
  title = {Explainable Ai: {{A}} Review of Machine Learning Interpretability Methods},
  author = {Linardatos, P and Papastefanopoulos, V and Kotsiantis, S},
  year = {2020},
  journal = {Entropy. An International and Interdisciplinary Journal of Entropy and Information Studies},
  volume = {23},
  number = {1}
}

@article{lo2018,
  title = {Machine Learning in Chemoinformatics and Drug Discovery},
  author = {Lo, Yu-Chen and Rensi, Stefano E. and Torng, Wen and Altman, Russ B.},
  year = {2018},
  month = aug,
  journal = {Drug Discovery Today},
  volume = {23},
  number = {8},
  pages = {1538--1546},
  issn = {1359-6446},
  doi = {10.1016/j.drudis.2018.05.010},
  langid = {english},
  file = {/Users/steve/Zotero/storage/6I8ECXEU/Lo et al. - 2018 - Machine learning in chemoinformatics and drug disc.pdf;/Users/steve/Zotero/storage/XEXQYPHB/S1359644617304695.html}
}

@article{london2018a,
  title = {Learning Health Systems, Clinical Equipoise and the Ethics of Response Adaptive Randomisation},
  author = {London, Alex John},
  year = {2018},
  month = jun,
  journal = {Journal of Medical Ethics},
  volume = {44},
  number = {6},
  pages = {409--415},
  issn = {0306-6800, 1473-4257},
  doi = {10.1136/medethics-2017-104549},
  langid = {english},
  file = {/Users/steve/Zotero/storage/G8DE77P4/London - 2018 - Learning health systems, clinical equipoise and th.pdf}
}

@article{long2017,
  title = {An Artificial Intelligence Platform for the Multihospital Collaborative Management of Congenital Cataracts},
  author = {Long, Erping and Lin, Haotian and Liu, Zhenzhen and Wu, Xiaohang and Wang, Liming and Jiang, Jiewei and An, Yingying and Lin, Zhuoling and Li, Xiaoyan and Chen, Jingjing and Li, Jing and Cao, Qianzhong and Wang, Dongni and Liu, Xiyang and Chen, Weirong and Liu, Yizhi},
  year = {2017},
  journal = {Nature Biomedical Engineering},
  volume = {1},
  number = {2}
}

@article{main2010,
  title = {Computerised Decision Support Systems in Order Communication for Diagnostic, Screening or Monitoring Test Ordering: Systematic Reviews of the Effects and Cost-Effectiveness of Systems},
  shorttitle = {Computerised Decision Support Systems in Order Communication for Diagnostic, Screening or Monitoring Test Ordering},
  author = {Main, C and Moxham, T and Wyatt, J C and Kay, J and Anderson, R and Stein, K},
  year = {2010},
  month = oct,
  journal = {Health Technology Assessment},
  volume = {14},
  number = {48},
  issn = {1366-5278, 2046-4924},
  doi = {10.3310/hta14480},
  langid = {english},
  file = {/Users/steve/Zotero/storage/RVAF4ZHU/Main et al. - 2010 - Computerised decision support systems in order com.pdf}
}

@article{mccoy2022,
  title = {Believing in Black Boxes: Machine Learning for Healthcare Does Not Need Explainability to Be Evidence-Based.},
  author = {McCoy, LG and Brenna, CTA and Chen, SS and Vold, K and Das, S},
  year = {2022},
  journal = {Journal of clinical epidemiology},
  volume = {142},
  pages = {252--257}
}

@article{mcrae2015,
  title = {Facebook, {{Airbnb}}, {{Uber}}, and the Unstoppable Rise of the Content Non-Generators},
  author = {McRae, Hamish},
  year = {2015},
  journal = {The Independent}
}

@article{meyer2019,
  title = {Objecting to Experiments That Compare Two Unobjectionable Policies or Treatments},
  author = {Meyer, Michelle N. and Heck, Patrick R. and Holtzman, Geoffrey S. and Anderson, Stephen M. and Cai, William and Watts, Duncan J. and Chabris, Christopher F.},
  year = {2019},
  month = may,
  journal = {Proceedings of the National Academy of Sciences},
  volume = {116},
  number = {22},
  pages = {10723--10728},
  issn = {0027-8424, 1091-6490},
  doi = {10.1073/pnas.1820701116},
  langid = {english},
  file = {/Users/steve/Zotero/storage/56X8GHHU/Meyer et al. - 2019 - Objecting to experiments that compare two unobject.pdf}
}

@article{morse2020a,
  title = {Estimate the Hidden Deployment Cost of Predictive Models to Improve Patient Care.},
  author = {Morse, KE and Bagley, SC and Shah, NH},
  year = {2020},
  journal = {Nature medicine},
  volume = {26},
  number = {1},
  pages = {18--19}
}

@article{muehlematter2021,
  title = {Approval of Artificial Intelligence and Machine Learning-Based Medical Devices in the {{USA}} and {{Europe}} (2015-20): A Comparative Analysis.},
  author = {Muehlematter, UJ and Daniore, P and Vokinger, KN},
  year = {2021},
  journal = {The Lancet. Digital health},
  volume = {3},
  pages = {e195--e203}
}

@article{mueller2019,
  title = {Explanation in Human-{{AI}} Systems: {{A}} Literature Meta-Review, Synopsis of Key Ideas and Publications, and Bibliography for Explainable {{AI}}},
  author = {Mueller, ST and Hoffman, RR and Clancey, W and Emrey, A and Klein, G},
  year = {2019},
  journal = {arXiv preprint arXiv:1902.01876},
  eprint = {1902.01876},
  eprinttype = {arxiv},
  archiveprefix = {arXiv}
}

@misc{nhsx2022,
  title = {The National Strategy for {{AI}} in Health and Social Care},
  year = {2022}
}

@article{Parisi2019,
  title = {Continual Lifelong Learning with Neural Networks: {{A}} Review},
  author = {Parisi, G and Kemker, R and Part, JL and Kanan, C and Wermter, S},
  year = {2019},
  journal = {Neural Networks},
  volume = {113},
  pages = {54--71}
}

@article{park2022,
  title = {Retrospective Review of Missed Cancer Detection and Its Mammography Findings with Artificial-Intelligence-Based, Computer-Aided Diagnosis.},
  author = {Park, GE and Kang, BJ and Kim, SH and Lee, J},
  year = {2022},
  journal = {Diagnostics (Basel, Switzerland)},
  volume = {12},
  number = {2},
  pages = {387}
}

@article{pepe2001,
  title = {Phases of {{Biomarker Development}} for {{Early Detection}} of {{Cancer}}},
  author = {Pepe, Margaret Sullivan and Etzioni, Ruth and Feng, Ziding and Potter, John D. and Thompson, Mary Lou and Thornquist, Mark and Winget, Marcy and Yasui, Yutaka},
  year = {2001},
  month = jul,
  journal = {JNCI: Journal of the National Cancer Institute},
  volume = {93},
  number = {14},
  pages = {1054--1061},
  issn = {0027-8874},
  doi = {10.1093/jnci/93.14.1054},
  file = {/Users/steve/Zotero/storage/BTEHQ2PM/Pepe et al. - 2001 - Phases of Biomarker Development for Early Detectio.pdf}
}

@article{phansalkar2013,
  title = {Drug-Drug Interactions That Should Be Non-Interruptive in Order to Reduce Alert Fatigue in Electronic Health Records.},
  author = {Phansalkar, S and {van der Sijs}, H and Tucker, AD and Desai, AA and Bell, DS and Teich, JM and Middleton, B and Bates, DW},
  year = {2013},
  journal = {Journal of the American Medical Informatics Association : JAMIA},
  volume = {20},
  number = {3},
  pages = {489--493}
}

@incollection{pizka2004,
  title = {Straightening Spaghetti-Code with Refactoring},
  booktitle = {Straightening Spaghetti-Code with Refactoring},
  author = {Pizka, Markus},
  year = {2004},
  volume = {Software Engineering Research and Practice},
  pages = {846--852}
}

@article{powles2017,
  title = {Google {{DeepMind}} and Healthcare in an Age of Algorithms},
  author = {Powles, Julia and Hodson, Hal},
  year = {2017},
  month = dec,
  journal = {Health and Technology},
  volume = {7},
  number = {4},
  pages = {351--367},
  issn = {2190-7188, 2190-7196},
  doi = {10.1007/s12553-017-0179-1},
  langid = {english},
  file = {/Users/steve/Zotero/storage/5IPIIDWE/Powles and Hodson - 2017 - Google DeepMind and healthcare in an age of algori.pdf}
}

@misc{ritchie2017,
  title = {The `{{Five Safes}}': A Framework for Planning, Designing and Evaluating Data Access Solutions},
  author = {Ritchie, Felix},
  year = {2017}
}

@article{santanna2021a,
  title = {Nudging Healthcare Professionals in Clinical Settings: A Scoping Review of the Literature.},
  author = {Sant'Anna, A and Vilhelmsson, A and Wolf, A},
  year = {2021},
  journal = {BMC health services research},
  volume = {21},
  number = {1},
  pages = {543}
}

@article{sayres2019,
  title = {Using a {{Deep Learning Algorithm}} and {{Integrated Gradients Explanation}} to {{Assist Grading}} for {{Diabetic Retinopathy}}},
  author = {Sayres, Rory and Taly, Ankur and Rahimy, Ehsan and Blumer, Katy and Coz, David and Hammel, Naama and Krause, Jonathan and Narayanaswamy, Arunachalam and Rastegar, Zahra and Wu, Derek and Xu, Shawn and Barb, Scott and Joseph, Anthony and Shumski, Michael and Smith, Jesse and Sood, Arjun B. and Corrado, Greg S. and Peng, Lily and Webster, Dale R.},
  year = {2019},
  month = apr,
  journal = {Ophthalmology},
  volume = {126},
  number = {4},
  pages = {552--564},
  issn = {01616420},
  doi = {10.1016/j.ophtha.2018.11.016},
  langid = {english},
  file = {/Users/steve/Zotero/storage/AMB2SLCB/Sayres et al. - 2019 - Using a Deep Learning Algorithm and Integrated Gra.pdf}
}

@article{scobie2020,
  title = {Implementing Learning Health Systems in the {{UK NHS}}: {{Policy}} Actions to Improve Collaboration and Transparency and Support Innovation and Better Use of Analytics},
  shorttitle = {Implementing Learning Health Systems in the {{UK NHS}}},
  author = {Scobie, Sarah and {Castle-Clarke}, Sophie},
  year = {2020},
  journal = {Learning Health Systems},
  volume = {4},
  number = {1},
  pages = {e10209},
  issn = {2379-6146},
  doi = {10.1002/lrh2.10209},
  langid = {english},
  pmcid = {PMC6971118},
  pmid = {31989031},
  keywords = {analytics,digital policy,implementation,innovation,learning health system,transparency},
  file = {/Users/steve/Zotero/storage/WXW8AWXR/Scobie and Castle-Clarke - 2020 - Implementing learning health systems in the UK NHS.pdf}
}

@article{sculley2015,
  title = {Hidden Technical Debt in Machine Learning Systems},
  author = {Sculley, David and Holt, Gary and Golovin, Daniel and Davydov, Eugene and Phillips, Todd and Ebner, Dietmar and Chaudhary, Vinay and Young, Michael and Crespo, Jean-Francois and Dennison, Dan},
  year = {2015},
  journal = {Advances in neural information processing systems},
  volume = {28},
  pages = {2503--2511}
}

@article{sendak2020,
  title = {Real-World Integration of a Sepsis Deep Learning Technology into Routine Clinical Care: {{Implementation}} Study.},
  author = {Sendak, MP and Ratliff, W and Sarro, D and Alderton, E and Futoma, J and Gao, M and Nichols, M and Revoir, M and Yashar, F and Miller, C and Kester, K and Sandhu, S and Corey, K and Brajer, N and Tan, C and Lin, A and Brown, T and Engelbosch, S and Anstrom, K and Elish, MC and Heller, K and Donohoe, R and Theiling, J and Poon, E and Balu, S and Bedoya, A and O'Brien, C},
  year = {2020},
  journal = {JMIR medical informatics},
  volume = {8},
  number = {7},
  pages = {e15182}
}

@article{shah2019,
  title = {Making {{Machine Learning Models Clinically Useful}}},
  author = {Shah, Nigam H. and Milstein, Arnold and Bagley, PhD, Steven C.},
  year = {2019},
  month = oct,
  journal = {JAMA},
  volume = {322},
  number = {14},
  pages = {1351},
  issn = {0098-7484},
  doi = {10.1001/jama.2019.10306},
  langid = {english},
  file = {/Users/steve/Zotero/storage/BVB4HM7P/Shah et al. - 2019 - Making Machine Learning Models Clinically Useful.pdf}
}

@incollection{steinert2010,
  title = {Scrutinizing Gartner's Hype Cycle Approach},
  booktitle = {Scrutinizing Gartner's Hype Cycle Approach},
  author = {Steinert, Martin and Leifer, Larry},
  year = {2010},
  pages = {1--13}
}

@article{sutton2020,
  title = {An Overview of Clinical Decision Support Systems: Benefits, Risks, and Strategies for Success},
  shorttitle = {An Overview of Clinical Decision Support Systems},
  author = {Sutton, Reed T. and Pincock, David and Baumgart, Daniel C. and Sadowski, Daniel C. and Fedorak, Richard N. and Kroeker, Karen I.},
  year = {2020},
  month = feb,
  journal = {npj Digital Medicine},
  volume = {3},
  number = {1},
  pages = {1--10},
  publisher = {{Nature Publishing Group}},
  issn = {2398-6352},
  doi = {10.1038/s41746-020-0221-y},
  copyright = {2020 The Author(s)},
  langid = {english},
  keywords = {Diagnosis,Drug regulation,Health services,Medical imaging},
  file = {/Users/steve/Zotero/storage/QKX7QSWN/Sutton et al. - 2020 - An overview of clinical decision support systems .pdf;/Users/steve/Zotero/storage/DERW4DZH/s41746-020-0221-y.html}
}

@article{the2021,
  title = {{{DECIDE-AI}}: New Reporting Guidelines to Bridge the Development-to-Implementation Gap in Clinical Artificial Intelligence},
  shorttitle = {{{DECIDE-AI}}},
  author = {{The DECIDE-AI Steering Group}},
  year = {2021},
  month = feb,
  journal = {Nature Medicine},
  volume = {27},
  number = {2},
  pages = {186--187},
  issn = {1078-8956, 1546-170X},
  doi = {10.1038/s41591-021-01229-5},
  langid = {english},
  file = {/Users/steve/Zotero/storage/EZFEXCMR/The DECIDE-AI Steering Group - 2021 - DECIDE-AI new reporting guidelines to bridge the .pdf}
}

@article{titano2018,
  title = {Automated Deep-Neural-Network Surveillance of Cranial Images for Acute Neurologic Events},
  author = {Titano, Joseph J. and Badgeley, Marcus and Schefflein, Javin and Pain, Margaret and Su, Andres and Cai, Michael and Swinburne, Nathaniel and Zech, John and Kim, Jun and Bederson, Joshua and Mocco, J. and Drayer, Burton and Lehar, Joseph and Cho, Samuel and Costa, Anthony and Oermann, Eric K.},
  year = {2018},
  month = sep,
  journal = {Nature Medicine},
  volume = {24},
  number = {9},
  pages = {1337--1341},
  issn = {1078-8956, 1546-170X},
  doi = {10.1038/s41591-018-0147-y},
  langid = {english},
  file = {/Users/steve/Zotero/storage/BGAMS2DZ/Titano et al. - 2018 - Automated deep-neural-network surveillance of cran.pdf}
}

@article{tomasev2019,
  title = {A Clinically Applicable Approach to Continuous Prediction of Future Acute Kidney Injury.},
  author = {Toma{\v s}ev, N and Glorot, X and Rae, JW and Zielinski, M and Askham, H and Saraiva, A and Mottram, A and Meyer, C and Ravuri, S and Protsyuk, I and Connell, A and Hughes, CO and Karthikesalingam, A and Cornebise, J and Montgomery, H and Rees, G and Laing, C and Baker, CR and Peterson, K and Reeves, R and Hassabis, D and King, D and Suleyman, M and Back, T and Nielson, C and Ledsam, JR and Mohamed, S},
  year = {2019},
  journal = {Nature},
  volume = {572},
  number = {7767},
  pages = {116--119}
}

@incollection{tortorella2000,
  title = {An {{Optimal Reject Rule}} for {{Binary Classifiers}}},
  booktitle = {Advances in {{Pattern Recognition}}},
  author = {Tortorella, Francesco},
  editor = {Goos, Gerhard and Hartmanis, Juris and {van Leeuwen}, Jan and Ferri, Francesc J. and I{\~n}esta, Jos{\'e} M. and Amin, Adnan and Pudil, Pavel},
  year = {2000},
  volume = {1876},
  pages = {611--620},
  publisher = {{Springer Berlin Heidelberg}},
  address = {{Berlin, Heidelberg}},
  doi = {10.1007/3-540-44522-6_63},
  isbn = {978-3-540-67946-2 978-3-540-44522-7},
  file = {/Users/steve/Zotero/storage/BSWXDTYN/Tortorella - 2000 - An Optimal Reject Rule for Binary Classifiers.pdf}
}

@article{turakhia2019a,
  title = {Rationale and Design of a Large-Scale, App-Based Study to Identify Cardiac Arrhythmias Using a Smartwatch: {{The Apple Heart Study}}},
  shorttitle = {Rationale and Design of a Large-Scale, App-Based Study to Identify Cardiac Arrhythmias Using a Smartwatch},
  author = {Turakhia, Mintu P. and Desai, Manisha and Hedlin, Haley and Rajmane, Amol and Talati, Nisha and Ferris, Todd and Desai, Sumbul and Nag, Divya and Patel, Mithun and Kowey, Peter and Rumsfeld, John S. and Russo, Andrea M. and Hills, Mellanie True and Granger, Christopher B. and Mahaffey, Kenneth W. and Perez, Marco V.},
  year = {2019},
  month = jan,
  journal = {American Heart Journal},
  volume = {207},
  pages = {66--75},
  issn = {00028703},
  doi = {10.1016/j.ahj.2018.09.002},
  langid = {english},
  file = {/Users/steve/Zotero/storage/EFPXTSTJ/Turakhia et al. - 2019 - Rationale and design of a large-scale, app-based s.pdf}
}

@article{turley2016,
  title = {Leveraging a Statewide Clinical Data Warehouse to Expand Boundaries of the Learning Health System},
  author = {Turley, Christine B.},
  year = {2016},
  journal = {eGEMs (Generating Evidence \& Methods to improve patient outcomes)},
  volume = {4},
  number = {1},
  pages = {25}
}

@article{vannorman2019,
  title = {Phase {{II Trials}} in {{Drug Development}} and {{Adaptive Trial Design}}},
  author = {Van Norman, Gail A.},
  year = {2019},
  month = jun,
  journal = {JACC: Basic to Translational Science},
  volume = {4},
  number = {3},
  pages = {428--437},
  issn = {2452-302X},
  doi = {10.1016/j.jacbts.2019.02.005},
  pmcid = {PMC6609997},
  pmid = {31312766},
  file = {/Users/steve/Zotero/storage/J6IG28CK/Van Norman - 2019 - Phase II Trials in Drug Development and Adaptive T.pdf}
}

@article{vilone2020,
  title = {Explainable Artificial Intelligence: A Systematic Review},
  author = {Vilone, G and Longo, L},
  year = {2020},
  journal = {arXiv preprint arXiv:2006.00093},
  eprint = {2006.00093},
  eprinttype = {arxiv},
  archiveprefix = {arXiv}
}

@article{wang2019,
  title = {Real-Time Automatic Detection System Increases Colonoscopic Polyp and Adenoma Detection Rates: A Prospective Randomised Controlled Study.},
  author = {Wang, P and Berzin, TM and Glissen Brown, JR and Bharadwaj, S and Becq, A and Xiao, X and Liu, P and Li, L and Song, Y and Zhang, D and Li, Y and Xu, G and Tu, M and Liu, X},
  year = {2019},
  journal = {Gut},
  volume = {68},
  number = {10},
  pages = {1813--1819}
}

@article{williamson2020,
  title = {Factors Associated with {{COVID-19-related}} Death Using {{OpenSAFELY}}.},
  author = {Williamson, EJ and Walker, AJ and Bhaskaran, K and Bacon, S and Bates, C and Morton, CE and Curtis, HJ and Mehrkar, A and Evans, D and Inglesby, P and Cockburn, J and McDonald, HI and MacKenna, B and Tomlinson, L and Douglas, IJ and Rentsch, CT and Mathur, R and Wong, AYS and Grieve, R and Harrison, D and Forbes, H and Schultze, A and Croker, R and Parry, J and Hester, F and Harper, S and Perera, R and Evans, SJW and Smeeth, L and Goldacre, B},
  year = {2020},
  journal = {Nature},
  volume = {584},
  number = {7821},
  pages = {430--436}
}

@article{wilson2021,
  title = {Electronic Health Record Alerts for Acute Kidney Injury: Multicenter, Randomized Clinical Trial},
  shorttitle = {Electronic Health Record Alerts for Acute Kidney Injury},
  author = {Wilson, F Perry and Martin, Melissa and Yamamoto, Yu and Partridge, Caitlin and Moreira, Erica and Arora, Tanima and Biswas, Aditya and Feldman, Harold and Garg, Amit X and Greenberg, Jason H and Hinchcliff, Monique and Latham, Stephen and Li, Fan and Lin, Haiqun and Mansour, Sherry G and Moledina, Dennis G and Palevsky, Paul M and Parikh, Chirag R and Simonov, Michael and Testani, Jeffrey and Ugwuowo, Ugochukwu},
  year = {2021},
  month = jan,
  journal = {BMJ},
  pages = {m4786},
  issn = {1756-1833},
  doi = {10.1136/bmj.m4786},
  langid = {english},
  file = {/Users/steve/Zotero/storage/TTMTA9EJ/Wilson et al. - 2021 - Electronic health record alerts for acute kidney i.pdf}
}

@article{wilson2022,
  title = {Learning from Individualised Variation for Evidence Generation within a Learning Health System},
  author = {Wilson, Matthew G. and Asselbergs, Folkert W. and Harris, Steve K.},
  year = {2022},
  journal = {British Journal of Anaesthesia}
}

@article{woolf2008b,
  title = {The {{Meaning}} of {{Translational Research}} and {{Why It Matters}}},
  author = {Woolf, Steven H.},
  year = {2008},
  month = jan,
  journal = {JAMA},
  volume = {299},
  number = {2},
  issn = {0098-7484},
  doi = {10.1001/jama.2007.26},
  langid = {english},
  file = {/Users/steve/Zotero/storage/8XSIV2XK/Woolf - 2008 - The Meaning of Translational Research and Why It M.pdf}
}

@article{wu2019,
  title = {Randomised Controlled Trial of {{WISENSE}}, a Real-Time Quality Improving System for Monitoring Blind Spots during Esophagogastroduodenoscopy.},
  author = {Wu, L and Zhang, J and Zhou, W and An, P and Shen, L and Liu, J and Jiang, X and Huang, X and Mu, G and Wan, X and Lv, X and Gao, J and Cui, N and Hu, S and Chen, Y and Hu, X and Li, J and Chen, D and Gong, D and He, X and Ding, Q and Zhu, X and Li, S and Wei, X and Li, X and Wang, X and Zhou, J and Zhang, M and Yu, HG},
  year = {2019},
  journal = {Gut},
  volume = {68},
  number = {12},
  pages = {2161--2169}
}

@article{yusop2017,
  title = {Reporting {{Usability Defects}}: {{A Systematic Literature Review}}},
  shorttitle = {Reporting {{Usability Defects}}},
  author = {Yusop, Nor Shahida Mohamad and Grundy, John and Vasa, Rajesh},
  year = {2017},
  month = sep,
  journal = {IEEE Transactions on Software Engineering},
  volume = {43},
  number = {9},
  pages = {848--867},
  issn = {1939-3520},
  doi = {10.1109/TSE.2016.2638427},
  keywords = {Bibliographies,Human computer interaction,Software engineering,Systematic review,Systematics,test management,Testing,Usability,usability defect reporting,usability testing,user interface},
  file = {/Users/steve/Zotero/storage/BK928J2A/7779159.html}
}

@article{zippel2021,
  title = {Rise of Clinical Studies in the Field of Machine Learning: {{A}} Review of Data Registered in {{ClinicalTrials}}.Gov.},
  author = {Zippel, C and {Bohnet-Joschko}, S},
  year = {2021},
  journal = {International journal of environmental research and public health},
  volume = {18},
  number = {10},
  pages = {5072}
}


